@BOOK{Example:1,
AUTHOR="John Doe",
TITLE="The Book without Title",
PUBLISHER="Example Publisher",
YEAR="2022",
}
@BOOK{Example:2,
AUTHOR="Jane Smith",
TITLE="The Book with a Title",
PUBLISHER="Example Publisher",
YEAR="2022",
}
